@misc{bronstein2021geometric,
	title={Geometric Deep Learning: Grids, Groups, Graphs, Geodesics, and Gauges}, 
	author={Michael M. Bronstein and Joan Bruna and Taco Cohen and Petar Veličković},
	year={2021},
	eprint={2104.13478},
	archivePrefix={arXiv},
	primaryClass={cs.LG}
}

@misc{ece_ece_5630_lectures6,
	title = {{ECE 5630 Lecture Notes 6}},
	howpublished = {\url{https://people.ece.cornell.edu/zivg/ECE_5630_Lectures6.pdf}},
	note = {Accessed on 11/26/23}
}

@misc{ece_ece_5630_lectures10,
	title = {{ECE 5630 Lecture Notes}},
	howpublished = {\url{https://people.ece.cornell.edu/zivg/ECE_5630_Lectures10.pdf}},
	note = {Accessed on 11/26/23}
}

@misc{wikipedia_fdivergence,
	author = {{Wikipedia contributors}},
	title = {{F-divergence -- Wikipedia, The Free Encyclopedia}},
	year = {2023},
	howpublished = {\url{https://en.wikipedia.org/wiki/F-divergence}},
	note = {Accessed on 11/26/23}
}

@misc{cs_231n_lec_13, 
	author = {Fei-Fei Li and Jiajun Wu and Ruohan Gao}, 
	url = {http://cs231n.stanford.edu/slides/2022/lecture_13_jiajun.pdf}, 
	howpublished = {University lecture}, 
	year = {2022}, 
	title = {Lecture 13:\ Generative Models}, 
	urldate = {2022-08-09}
}

@online{binary_relations, 
	title = {Binary Relations}, 
	author = {Stanford University}, 
	url = {https://web.stanford.edu/class/archive/cs/cs103/cs103.1142/lectures/07/Small07.pdf}, 
	year = {2007}
}

@online{cont-functions-open-sets, 
	title = {Continuous Functions and Open Sets}, 
	author = {Jeff Diller}, 
	url = {https://www3.nd.edu/~jdiller/teaching/archive/fall14_20850/continuity.pdf},
	year = {2014}
}

@unpublished{fa2019,
	title = {Funktionalanalysis},
	subtitle = {Universität Hamburg, Sommersemester 2019},
	author = {Armin Iske},
	year = {2019},
	note = {unpublished lecture notes}
}

@online{generated-sigma-algebras,
	title = {Chapter 1},
	subtitle = {Sigma-Algebras},
	url = {https://www.math.lsu.edu/~sengupta/7312s02/sigmaalg.pdf}
}

@online{IFT,
	author = {Nolan Wallach}, 
	title = {MATH 23b, SPRING 2005},
	subtitle = {THEORETICAL LINEAR ALGEBRA
	AND MULTIVARIABLE CALCULUS},
	url = {http://www.math.ucsd.edu/~nwallach/inverse%5B1%5D.pdf},
	year = {2005}
}

@online{lilian_weng, 
	author = {Lilian Weng}, 
	title = {What are Diffusion Models?},
	url = {https://lilianweng.github.io/posts/2021-07-11-diffusion-models/}, 
	year = {2021}
}

@online{Lindemann-lec1, 
	title = {Differential geometry}, 
	subtitle = {Lecture 1: Smooth manifolds}, 
	author = {David Lindemann}, 
	url = {https://www.math.uni-hamburg.de/home/lindemann/material/DG2020L1_slides.pdf}, 
	year = {2020}
}

@online{MfPI, 
	title = {Mathematik I fur Studierende der 
	Geophysik/Ozeanographie, Meteorologie und Physik}, 
	subtitle = {Vorlesungsskript},
	author = {Ralf Holtkamp}, 
	url = {https://www.math.uni-hamburg.de/home/holtkamp/mfp1/mfp1rh.pdf}, 
	year = {2021}
}

@online{MfPII, 
	title = {Mathematik II fur Studierende der 
	Geophysik/Ozeanographie, Meteorologie und Physik}, 
	subtitle = {Vorlesungsskript}, 
	author = {Ralf Holtkamp},
	url = {https://www.math.uni-hamburg.de/home/holtkamp/mfp2/mfp2rh.pdf}, 
	year = {2021} 
}

@online{MfPIII,
	title = {Mathematik III für Studierende der Physik
	Vorlesungsskript},
	author = {Ralf Holtkamp},
	url = {https://www.math.uni-hamburg.de/home/holtkamp/mfp3/mfp3rh_druckskript.pdf},
	year = {2021}
}

@online{measurable-functions,
	title = {CHAPTER 3},
	subtitle = {Measurable functions},
	author = {John K. Hunter},
	url = {https://www.math.ucdavis.edu/~hunter/measure_theory/measure_notes_ch3.pdf}
}

@MISC{sigma-finite,
	TITLE = {Finite measures are $\sigma$-finite},
	AUTHOR = {Davide Giraudo (https://math.stackexchange.com/users/9849/davide-giraudo)},
	HOWPUBLISHED = {Mathematics Stack Exchange},
	NOTE = {URL:https://math.stackexchange.com/q/144687 (version: 2015-11-23)},
	EPRINT = {https://math.stackexchange.com/q/144687},
	URL = {https://math.stackexchange.com/q/144687}
}

@online{cube-root,
	title = {5.1 Roots and Radicals},
	url = {https://saylordotorg.github.io/text_intermediate-algebra/s08-01-roots-and-radicals.html}
}

@book{measure-integration,
	title = {Measure and Integration},
	author = {Satish Shirali, Harkrishan Lal Vasudeva},
	edition = {1},
	pusblisher = {Springer International Publishing},
	doi = {10.1007/978-3-030-18747-7},
	pages = {598},
	url = {https://katalogplus.sub.uni-hamburg.de/vufind/Record/1678681113?rank=1}
}

@online{jacobi-matrix,
	title = {Jacobian matrix and determinant},
	author = {Wikipedia contributors},
	url = {https://en.wikipedia.org/wiki/Jacobian_matrix_and_determinant},
	year = {2021}
}

@online{triangular-matrices,
	title = {Upper triangular determinant},
	author = {Khan Academy},
	url = {https://www.khanacademy.org/math/linear-algebra/matrix-transformations/determinant-depth/v/linear-algebra-upper-triangular-determinant}
}

@online{leibniz-formula,
	title = {Determinant},
	author = {Wikipedia contributors},
	url = {https://en.wikipedia.org/wiki/Determinant},
	year = {2021}
}

@MISC {block-triangular-matrix,
	TITLE = {Determinant of a block lower triangular matrix},
	AUTHOR = {Zilin J. (https://math.stackexchange.com/users/94898/zilin-j)},
	HOWPUBLISHED = {Mathematics Stack Exchange},
	NOTE = {URL:https://math.stackexchange.com/q/1221066 (version: 2015-08-04)},
	EPRINT = {https://math.stackexchange.com/q/1221066},
	URL = {https://math.stackexchange.com/q/1221066}
}

@book{werner-fa,
	author = {Dirk Werner},
	title = {Funktionalanalysis},
	publisher = {Springer Spektrum, Berlin, Heidelberg
	},
	year = {2018},
	pages = {586},
	doi = {https://link.springer.com/book/10.1007%2F978-3-662-55407-4},
	isbn = {978-3-662-55406-7},
}

@misc{durkan2019neural,
      title={Neural Spline Flows},
      author={Conor Durkan and Artur Bekasov and Iain Murray and George Papamakarios},
      year={2019},
      eprint={1906.04032v2},
      archivePrefix={arXiv},
      primaryClass={stat.ML}
}

@MISC {preimage-of-closed-sets,
	TITLE = {The preimage of continuous function on a closed set is closed.},
	AUTHOR = {Ink (https://math.stackexchange.com/users/34881/ink)},
	HOWPUBLISHED = {Mathematics Stack Exchange},
	NOTE = {URL:https://math.stackexchange.com/q/437837 (version: 2013-07-07)},
	EPRINT = {https://math.stackexchange.com/q/437837},
	URL = {https://math.stackexchange.com/q/437837}
}

@online{equivalence-metrics,
	title = {Equivalence of metrics},
	author = {Wikipedia contributors},
	url = {https://en.wikipedia.org/wiki/Equivalence_of_metrics},
	year = {2020}
}

@online{equivalence_relation, 
	title = {Equivalence relation}, 
	author = {Wikipedia contributors}, 
	url = {https://en.wikipedia.org/wiki/Equivalence_relation}, 
	year = {2021}
}

@book{topology-singh,
	author = {Tej Bahadur Singh},
	title = {Introduction to Topology},
	publisher = {Springer, Singapore},
	year = {2019},
	pages = {452},
	doi = {https://doi.org/10.1007/978-981-13-6954-4},
	isbn = {978-3-662-55406-7},
}

@online{kuratowski_zorn_lemma, 
	author = {Chee Han Tan}, 
	title = {Zorn's Lemma}, 
	url = {https://www.math.utah.edu/~tan/6710_FA/Hahn%20Banach%20Theorem.pdf}
}